<record><leader>00000cas a22000007a 4500</leader><controlfield tag="001">12895103</controlfield><controlfield tag="008">851211c19769999iaudn ne      0   a0eng d</controlfield><datafield ind1=" " ind2=" " tag="010"><subfield code="a">sn 85049854 </subfield></datafield><datafield ind1=" " ind2=" " tag="040"><subfield code="a">INP</subfield><subfield code="b">eng</subfield><subfield code="c">INP</subfield><subfield code="d">NSD</subfield><subfield code="d">OCLCQ</subfield></datafield><datafield ind1=" " ind2=" " tag="012"><subfield code="m">1</subfield></datafield><datafield ind1="1" ind2=" " tag="022"><subfield code="a">1046-1833</subfield><subfield code="l">1046-1833</subfield><subfield code="2">1</subfield></datafield><datafield ind1=" " ind2=" " tag="032"><subfield code="a">134220</subfield><subfield code="b">USPS</subfield></datafield><datafield ind1=" " ind2=" " tag="037"><subfield code="b">The Daily Nonpareil, 117 Pearl St., Council Bluffs, IA 51503</subfield></datafield><datafield ind1=" " ind2=" " tag="042"><subfield code="a">msc</subfield><subfield code="a">nsdp</subfield></datafield><datafield ind1="0" ind2=" " tag="130"><subfield code="a">Daily nonpareil (Council Bluffs, Iowa : 1976)</subfield></datafield><datafield ind1=" " ind2="4" tag="222"><subfield code="a">The Daily nonpareil</subfield><subfield code="b">(1976)</subfield></datafield><datafield ind1="1" ind2="4" tag="245"><subfield code="a">The daily nonpareil.</subfield></datafield><datafield ind1="3" ind2="0" tag="246"><subfield code="a">Nonpareil</subfield></datafield><datafield ind1=" " ind2=" " tag="260"><subfield code="a">Council Bluffs, Iowa :</subfield><subfield code="b">A.R. Gross,</subfield><subfield code="c">1976-</subfield></datafield><datafield ind1=" " ind2=" " tag="300"><subfield code="a">v. :</subfield><subfield code="b">ill.</subfield></datafield><datafield ind1=" " ind2=" " tag="310"><subfield code="a">Daily (except holidays),</subfield><subfield code="b">&lt;Aug. 20, 1989-&gt;</subfield></datafield><datafield ind1=" " ind2=" " tag="321"><subfield code="a">Daily,</subfield><subfield code="b">1976-</subfield></datafield><datafield ind1="0" ind2=" " tag="362"><subfield code="a">119th year, no. 330 (Nov. 25, 1976)-</subfield></datafield><datafield ind1=" " ind2=" " tag="500"><subfield code="a">Original editor: Frank Lane.</subfield></datafield><datafield ind1=" " ind2=" " tag="588"><subfield code="a">Latest issue consulted: 132nd year, no. 230 (Aug. 20, 1989).</subfield></datafield><datafield ind1=" " ind2=" " tag="752"><subfield code="a">United States</subfield><subfield code="b">Iowa</subfield><subfield code="c">Pottawattamie</subfield><subfield code="d">Council Bluffs.</subfield></datafield><datafield ind1="0" ind2="0" tag="780"><subfield code="t">Council Bluffs nonpareil (Council Bluffs, Iowa : 1920)</subfield><subfield code="w">(DLC)sn 85049853</subfield></datafield><datafield ind1="1" ind2=" " tag="029"><subfield code="a">AU@</subfield><subfield code="b">000025785676</subfield></datafield></record>